@article{aizik2022fluorescent,
  title={Fluorescent wavefront shaping using incoherent iterative phase conjugation},
  author={Aizik, Dror and Gkioulekas, Ioannis and Levin, Anat},
  journal={Optica},
  volume={9},
  number={7},
  pages={746--754},
  year={2022},
  publisher={Optica Publishing Group}
}
@inproceedings{zhang2024spatio,
  title={Spatio-Temporal Turbulence Mitigation: A Translational Perspective},
  author={Zhang, Xingguang and Chimitt, Nicholas and Chi, Yiheng and Mao, Zhiyuan and Chan, Stanley H},
  booktitle={Proceedings of the IEEE/CVF Conference on Computer Vision and Pattern Recognition},
  pages={2889--2899},
  year={2024}
}
@article{aizik2023non,
  title={Non-invasive and noise-robust light focusing using confocal wavefront shaping},
  author={Aizik, Dror and Levin, Anat},
  journal={arXiv preprint arXiv:2301.11421},
  year={2023}
}
@article{weinberg2023noninvasive,
  title={Noninvasive megapixel fluorescence microscopy through scattering layers by a virtual reflection-matrix},
  author={Weinberg, Gil and Sunray, Elad and Katz, Ori},
  journal={arXiv preprint arXiv:2312.16065},
  year={2023}
}
@ARTICLE{katz14,
  title={Non-invasive single-shot imaging through scattering layers and around corners via speckle correlations},
  author={Katz, Ori and Heidmann, Pierre and Fink, Mathias and Gigan, Sylvain},
  journal={Nature photonics},
  volume={8},
  number={10},
  pages={784--790},
  year={2014},
  publisher={Nature Publishing Group UK London}
}
@ARTICLE{rosenfeld21,
  title={Acousto-optic ptychography},
  author={Rosenfeld, Moriya and Weinberg, Gil and Doktofsky, Daniel and Li, Yunzhe and Tian, Lei and Katz, Ori},
  journal={Optica},
  volume={8},
  number={6},
  pages={936--943},
  year={2021},
  publisher={Optical Society of America}
}
@ARTICLE{bert12,
  title={Non-invasive imaging through opaque scattering layers},
  author={Bertolotti, Jacopo and Van Putten, Elbert G and Blum, Christian and Lagendijk, Ad and Vos, Willem L and Mosk, Allard P},
  journal={Nature},
  volume={491},
  number={7423},
  pages={232--234},
  year={2012},
  publisher={Nature Publishing Group UK London}
}

@article{badon2020distortion,
  title={Distortion matrix concept for deep optical imaging in scattering media},
  author={Badon, Amaury and Barolle, Victor and Irsch, Kristina and Boccara, A Claude and Fink, Mathias and Aubry, Alexandre},
  journal={Science Advances},
  volume={6},
  number={30},
  pages={eaay7170},
  year={2020},
  publisher={American Association for the Advancement of Science}
}

@article{kang17,
  title={High-resolution adaptive optical imaging within thick scattering media using closed-loop accumulation of single scattering},
  author={Kang, Sungsam and Kang, Pilsung and Jeong, Seungwon and Kwon, Yongwoo and Yang, Taeseok D and Hong, Jin Hee and Kim, Moonseok and Song, Kyung--Deok and Park, Jin Hyoung and Lee, Jun Ho and others},
  journal={Nature communications},
  volume={8},
  number={1},
  pages={2157},
  year={2017},
  publisher={Nature Publishing Group UK London}
}

@article{lee22,
  title={High-throughput volumetric adaptive optical imaging using compressed time-reversal matrix},
  author={Lee, Hojun and Yoon, Seokchan and Loohuis, Pascal and Hong, Jin Hee and Kang, Sungsam and Choi, Wonshik},
  journal={Light: Science \& Applications},
  volume={11},
  number={1},
  pages={16},
  year={2022},
  publisher={Nature Publishing Group UK London}
}

@article{najar23,
  title={Non-invasive retrieval of the transmission matrix for optical imaging deep inside a multiple scattering medium},
  author={Najar, Ulysse and Barolle, Victor and Balondrade, Paul and Fink, Mathias and Boccara, A Claude and Aubry, Alexandre},
  journal={arXiv preprint arXiv:2303.06119},
  year={2023}
}

@article{najar2024harnessing,
  title={Harnessing forward multiple scattering for optical imaging deep inside an opaque medium},
  author={Najar, Ulysse and Barolle, Victor and Balondrade, Paul and Fink, Mathias and Boccara, Claude and Aubry, Alexandre},
  journal={Nature Communications},
  volume={15},
  number={1},
  pages={7349},
  year={2024},
  publisher={Nature Publishing Group UK London}
}

@article{elson11,
  title={Ultrasound-mediated optical tomography: a review of current methods},
  author={Elson, Daniel S and Li, Rui and Dunsby, Christopher and Eckersley, Robert and Tang, Meng-Xing},
  journal={Interface Focus},
  volume={1},
  number={4},
  pages={632--648},
  year={2011},
  publisher={The Royal Society}
}

@article{katz19,
  title={Controlling light in complex media beyond the acoustic diffraction-limit using the acousto-optic transmission matrix},
  author={Katz, Ori and Ramaz, Fran{\c{c}}ois and Gigan, Sylvain and Fink, Mathias},
  journal={Nature communications},
  volume={10},
  number={1},
  pages={717},
  year={2019},
  publisher={Nature Publishing Group UK London}
}

@article{doktofsky20,
  title={Acousto optic imaging beyond the acoustic diffraction limit using speckle decorrelation},
  author={Doktofsky, Daniel and Rosenfeld, Moriya and Katz, Ori},
  journal={Communications physics},
  volume={3},
  number={1},
  pages={5},
  year={2020},
  publisher={Nature Publishing Group UK London}
}

@article{gross05,
  title={Heterodyne detection of multiply scattered monochromatic light with a multipixel detector},
  author={Gross, M and Goy, P and Forget, BC and Atlan, Michael and Ramaz, F and Boccara, AC and Dunn, AK},
  journal={Optics letters},
  volume={30},
  number={11},
  pages={1357--1359},
  year={2005},
  publisher={Optica Publishing Group}
}

@article{wang04,
  title={Ultrasound-mediated biophotonic imaging: a review of acousto-optical tomography and photo-acoustic tomography},
  author={Wang, Lihong V},
  journal={Disease markers},
  volume={19},
  number={2-3},
  pages={123--138},
  year={2004},
  publisher={IOS Press}
}

@article{lambert20,
  title={Distortion matrix approach for ultrasound imaging of random scattering media},
  author={Lambert, William and Cobus, Laura A and Frappart, Thomas and Fink, Mathias and Aubry, Alexandre},
  journal={Proceedings of the National Academy of Sciences},
  volume={117},
  number={26},
  pages={14645--14656},
  year={2020},
  publisher={National Acad Sciences}
}

@article{lambert22,
  title={Ultrasound Matrix Imaging—Part II: The Distortion Matrix for Aberration Correction Over Multiple Isoplanatic Patches},
  author={Lambert, William and Cobus, Laura A and Robin, Justine and Fink, Mathias and Aubry, Alexandre},
  journal={IEEE Transactions on Medical Imaging},
  volume={41},
  number={12},
  pages={3921--3938},
  year={2022},
  publisher={IEEE}
}

@article{ko2022,
  title={Acousto-optic volumetric gating for reflection-mode deep optical imaging within a scattering medium},
  author={Ko, Hakseok and Kim, Junghoon and Hong, Jin-Hee and Cheon, Junyeob and Lee, Seungwoo and Jang, Mooseok and Choi, Wonshik},
  journal={arXiv preprint arXiv:2211.02462},
  year={2022}
}
@article{jang20,
  title={Deep tissue space-gated microscopy via acousto-optic interaction},
  author={Jang, Mooseok and Ko, Hakseok and Hong, Jin Hee and Lee, Won Kyu and Lee, Jae-Seung and Choi, Wonshik},
  journal={Nature communications},
  volume={11},
  number={1},
  pages={710},
  year={2020},
  publisher={Nature Publishing Group UK London}
}

@article{zhu22,
  title={Large field-of-view non-invasive imaging through scattering layers using fluctuating random illumination},
  author={Zhu, Lei and Soldevila, Fernando and Moretti, Claudio and d’Arco, Alexandra and Boniface, Antoine and Shao, Xiaopeng and de Aguiar, Hilton B and Gigan, Sylvain},
  journal={Nature communications},
  volume={13},
  number={1},
  pages={1447},
  year={2022},
  publisher={Nature Publishing Group UK London}
}
@article{aizik22,
  title={Fluorescent wavefront shaping using incoherent iterative phase conjugation},
  author={Aizik, Dror and Gkioulekas, Ioannis and Levin, Anat},
  journal={Optica},
  volume={9},
  number={7},
  pages={746--754},
  year={2022},
  publisher={Optica Publishing Group}
}

@article{boniface20,
  title={Non-invasive focusing and imaging in scattering media with a fluorescence-based transmission matrix},
  author={Boniface, Antoine and Dong, Jonathan and Gigan, Sylvain},
  journal={Nature communications},
  volume={11},
  number={1},
  pages={6154},
  year={2020},
  publisher={Nature Publishing Group UK London}
}

@article{baek23,
  title={Phase conjugation with spatially incoherent light in complex media},
  author={Baek, YoonSeok and de Aguiar, Hilton B and Gigan, Sylvain},
  journal={Nature Photonics},
  pages={1--6},
  year={2023},
  publisher={Nature Publishing Group UK London}
}

@article{darco22,
  title={Physics-based neural network for non-invasive control of coherent light in scattering media},
  author={d’Arco, Alexandra and Xia, Fei and Boniface, Antoine and Dong, Jonathan and Gigan, Sylvain},
  journal={Optics Express},
  volume={30},
  number={17},
  pages={30845--30856},
  year={2022},
  publisher={Optica Publishing Group}
}
@article{feng23,
  title={NeuWS: Neural wavefront shaping for guidestar-free imaging through static and dynamic scattering media},
  author={Feng, Brandon Y and Guo, Haiyun and Xie, Mingyang and Boominathan, Vivek and Sharma, Manoj K and Veeraraghavan, Ashok and Metzler, Christopher A},
  journal={Science Advances},
  volume={9},
  number={26},
  pages={eadg4671},
  year={2023},
  publisher={American Association for the Advancement of Science}
}

@article{daniel19,
  title={Light focusing through scattering media via linear fluorescence variance maximization, and its application for fluorescence imaging},
  author={Daniel, Anat and Oron, Dan and Silberberg, Yaron},
  journal={Optics Express},
  volume={27},
  number={15},
  pages={21778--21786},
  year={2019},
  publisher={Optica Publishing Group}
}

@article{boniface19,
  title={Noninvasive light focusing in scattering media using speckle variance optimization},
  author={Boniface, Antoine and Blochet, Baptiste and Dong, Jonathan and Gigan, Sylvain},
  journal={Optica},
  volume={6},
  number={11},
  pages={1381--1385},
  year={2019},
  publisher={Optica Publishing Group}
}

@article{ji2017adaptive,
  title={Adaptive optical fluorescence microscopy},
  author={Ji, Na},
  journal={Nature methods},
  volume={14},
  number={4},
  pages={374--380},
  year={2017},
  publisher={Nature Publishing Group US New York}
}

@book{goodman2007speckle,
  title={Speckle phenomena in optics: theory and applications},
  author={Goodman, Joseph W},
  year={2007},
  publisher={Roberts and Company Publishers}
}

@book{goodman2005introduction,
  title={Introduction to Fourier optics},
  author={Goodman, Joseph W},
  year={2005},
  publisher={Roberts and Company publishers}
}

@article{yoon2020deep,
  title={Deep optical imaging within complex scattering media},
  author={Yoon, Seokchan and Kim, Moonseok and Jang, Mooseok and Choi, Youngwoon and Choi, Wonjun and Kang, Sungsam and Choi, Wonshik},
  journal={Nature Reviews Physics},
  volume={2},
  number={3},
  pages={141--158},
  year={2020},
  publisher={Nature Publishing Group UK London}
}
@article{badon2016smart,
  title={Smart optical coherence tomography for ultra-deep imaging through highly scattering media},
  author={Badon, Amaury and Li, Dayan and Lerosey, Geoffroy and Boccara, A Claude and Fink, Mathias and Aubry, Alexandre},
  journal={Science advances},
  volume={2},
  number={11},
  pages={e1600370},
  year={2016},
  publisher={American Association for the Advancement of Science}
}
@article{osnabrugge2017generalized,
  title={Generalized optical memory effect},
  author={Osnabrugge, Gerwin and Horstmeyer, Roarke and Papadopoulos, Ioannis N and Judkewitz, Benjamin and Vellekoop, Ivo M},
  journal={Optica},
  volume={4},
  number={8},
  pages={886--892},
  year={2017},
  publisher={Optica Publishing Group}
}
@article{bertolotti2022imaging,
  title={Imaging in complex media},
  author={Bertolotti, Jacopo and Katz, Ori},
  journal={Nature Physics},
  volume={18},
  number={9},
  pages={1008--1017},
  year={2022},
  publisher={Nature Publishing Group UK London}
}

@article{baek2023phase,
  title={Phase conjugation with spatially incoherent light in complex media},
  author={Baek, YoonSeok and de Aguiar, Hilton B and Gigan, Sylvain},
  journal={Nature Photonics},
  pages={1--6},
  year={2023},
  publisher={Nature Publishing Group UK London}
}

@article{kang2023tracing,
  title={Tracing multiple scattering trajectories for deep optical imaging in scattering media},
  author={Kang, Sungsam and Kwon, Yongwoo and Lee, Hojun and Kim, Seho and Hong, Jin Hee and Yoon, Seokchan and Choi, Wonshik},
  journal={arXiv preprint arXiv:2302.09503},
  year={2023}
}

@article{li2020multitarget,
  title={Multitarget imaging through scattering media beyond the 3D optical memory effect},
  author={Li, Wei and Liu, Jietao and He, Shunfu and Liu, Lixian and Shao, Xiaopeng},
  journal={Optics Letters},
  volume={45},
  number={10},
  pages={2692--2695},
  year={2020},
  publisher={Optica Publishing Group}
}

@article{hagen2021fluorescence,
  title={Fluorescence microscopy datasets for training deep neural networks},
  author={Hagen, Guy M and Bendesky, Justin and Machado, Rosa and Nguyen, Tram-Anh and Kumar, Tanmay and Ventura, Jonathan},
  journal={GigaScience},
  volume={10},
  number={5},
  pages={giab032},
  year={2021},
  publisher={Oxford University Press}
}

@article{yeminy2021guidestar,
  title={Guidestar-free image-guided wavefront shaping},
  author={Yeminy, Tomer and Katz, Ori},
  journal={Science advances},
  volume={7},
  number={21},
  pages={eabf5364},
  year={2021},
  publisher={American Association for the Advancement of Science}
}

@article{popoff2010measuring,
  title={Measuring the transmission matrix in optics: an approach to the study and control of light propagation in disordered media},
  author={Popoff, S{\'e}bastien M and Lerosey, Geoffroy and Carminati, R{\'e}mi and Fink, Mathias and Boccara, Albert Claude and Gigan, Sylvain},
  journal={Physical review letters},
  volume={104},
  number={10},
  pages={100601},
  year={2010},
  publisher={APS}
}
@article{freund1988memory,
  title={Memory effects in propagation of optical waves through disordered media},
  author={Freund, Isaac and Rosenbluh, Michael and Feng, Shechao},
  journal={Physical review letters},
  volume={61},
  number={20},
  pages={2328},
  year={1988},
  publisher={APS}
}
@article{alterman2021imaging,
  title={Imaging with local speckle intensity correlations: theory and practice},
  author={Alterman, Marina and Bar, Chen and Gkioulekas, Ioannis and Levin, Anat},
  journal={ACM Transactions on Graphics (TOG)},
  volume={40},
  number={3},
  pages={1--22},
  year={2021},
  publisher={ACM New York, NY}
}
@article{feng1988correlations,
  title={Correlations and fluctuations of coherent wave transmission through disordered media},
  author={Feng, Shechao and Kane, Charles and Lee, Patrick A and Stone, A Douglas},
  journal={Physical review letters},
  volume={61},
  number={7},
  pages={834},
  year={1988},
  publisher={APS}
}
@article{dertinger2009sofi,
  title={Fast, background-free, 3D super-resolution optical fluctuation imaging (SOFI)},
  author={Dertinger, Thomas and Colyer, Ryan and Iyer, Gopal and Weiss, Shimon and Enderlein, J{\"o}rg},
  journal={Proceedings of the National Academy of Sciences},
  volume={106},
  number={52},
  pages={22287--22292},
  year={2009},
  publisher={National Acad Sciences}
}

@article{wu2016single,
  title={Single-shot diffraction-limited imaging through scattering layers via bispectrum analysis},
  author={Wu, Tengfei and Katz, Ori and Shao, Xiaopeng and Gigan, Sylvain},
  journal={Optics Letters},
  volume={41},
  number={21},
  pages={5003--5006},
  year={2016},
  publisher={Optica Publishing Group}
}

@article{hwang2019fast,
  title={Fast diffraction-limited image recovery through turbulence via subsampled bispectrum analysis},
  author={Hwang, Byungjae and Woo, Taeseong and Park, Jung-Hoon},
  journal={Optics Letters},
  volume={44},
  number={24},
  pages={5985--5988},
  year={2019},
  publisher={Optica Publishing Group}
}
@article{ventalon2005quasi,
  title={Quasi-confocal fluorescence sectioning with dynamic speckle illumination},
  author={Ventalon, Cathie and Mertz, Jerome},
  journal={Optics letters},
  volume={30},
  number={24},
  pages={3350--3352},
  year={2005},
  publisher={Optica Publishing Group}
}

@article{ventalon2006dynamic,
  title={Dynamic speckle illumination microscopy with translated versus randomized speckle patterns},
  author={Ventalon, Cathie and Mertz, Jerome},
  journal={Optics express},
  volume={14},
  number={16},
  pages={7198--7209},
  year={2006},
  publisher={Optica Publishing Group}
}

@article{mertz2015field,
  title={Field of view advantage of conjugate adaptive optics in microscopy applications},
  author={Mertz, Jerome and Paudel, Hari and Bifano, Thomas G},
  journal={Applied optics},
  volume={54},
  number={11},
  pages={3498--3506},
  year={2015},
  publisher={Optical Society of America}
}

@article{kim2015superresolution,
  title={Superresolution imaging with optical fluctuation using speckle patterns illumination},
  author={Kim, MinKwan and Park, ChungHyun and Rodriguez, Christophe and Park, YongKeun and Cho, Yong-Hoon},
  journal={Scientific reports},
  volume={5},
  number={1},
  pages={16525},
  year={2015},
  publisher={Nature Publishing Group UK London}
}

@article{rosenfeld2021acousto,
  title={Acousto-optic ptychography},
  author={Rosenfeld, Moriya and Weinberg, Gil and Doktofsky, Daniel and Li, Yunzhe and Tian, Lei and Katz, Ori},
  journal={Optica},
  volume={8},
  number={6},
  pages={936--943},
  year={2021},
  publisher={Optica Publishing Group}
}

@article{wapenaar2004retrieving,
  title={Retrieving the elastodynamic Green's function of an arbitrary inhomogeneous medium by cross correlation},
  author={Wapenaar, Kees},
  journal={Physical review letters},
  volume={93},
  number={25},
  pages={254301},
  year={2004},
  publisher={APS}
}

@book{garnier2016passive,
  title={Passive imaging with ambient noise},
  author={Garnier, Josselin and Papanicolaou, George},
  year={2016},
  publisher={Cambridge University Press}
}

@article{derode2003recovering,
  title={Recovering the Green’s function from field-field correlations in an open scattering medium (L)},
  author={Derode, Arnaud and Larose, Eric and Tanter, Mickael and De Rosny, Julien and Tourin, Arnaud and Campillo, Michel and Fink, Mathias},
  journal={The Journal of the Acoustical Society of America},
  volume={113},
  number={6},
  pages={2973--2976},
  year={2003},
  publisher={Acoustical Society of America}
}

@article{schott2015characterization,
  title={Characterization of the angular memory effect of scattered light in biological tissues},
  author={Schott, Sam and Bertolotti, Jacopo and L{\'e}ger, Jean-Francois and Bourdieu, Laurent and Gigan, Sylvain},
  journal={Optics express},
  volume={23},
  number={10},
  pages={13505--13516},
  year={2015},
  publisher={Optica Publishing Group}
}

@article{popoff2011exploiting,
  title={Exploiting the time-reversal operator for adaptive optics, selective focusing, and scattering pattern analysis},
  author={Popoff, S{\'e}bastien Michel and Aubry, Alexandre and Lerosey, Geoffroy and Fink, Mathias and Boccara, Albert-Claude and Gigan, Sylvain},
  journal={Physical review letters},
  volume={107},
  number={26},
  pages={263901},
  year={2011},
  publisher={APS}
}

@article{haim2025image,
  title={Image-guided computational holographic wavefront shaping},
  author={Haim, Omri and Boger-Lombard, Jeremy and Katz, Ori},
  journal={Nature Photonics},
  volume={19},
  number={1},
  pages={44--53},
  year={2025},
  publisher={Nature Publishing Group UK London}
}

@article{kang2024implementation,
  title={Implementation of reflection matrix microscopy: An algorithm perspective},
  author={Kang, Sungsam and Yoon, Seokchan and Choi, Wonshik},
  journal={arXiv preprint arXiv:2407.02321},
  year={2024}
}

@article{salhov2018depth,
  title={Depth-resolved speckle-correlations imaging through scattering layers via coherence gating},
  author={Salhov, Ofer and Weinberg, Gil and Katz, Ori},
  journal={Optics letters},
  volume={43},
  number={22},
  pages={5528--5531},
  year={2018},
  publisher={Optica Publishing Group}
}

@article{d2022physics,
  title={Physics-based neural network for non-invasive control of coherent light in scattering media},
  author={d’Arco, Alexandra and Xia, Fei and Boniface, Antoine and Dong, Jonathan and Gigan, Sylvain},
  journal={Optics Express},
  volume={30},
  number={17},
  pages={30845--30856},
  year={2022},
  publisher={Optica Publishing Group}
}

@article{zhang2023deep,
  title={Deep imaging inside scattering media through virtual spatiotemporal wavefront shaping},
  author={Zhang, Yiwen and Dinh, Minh and Wang, Zeyu and Zhang, Tianhao and Chen, Tianhang and Hsu, Chia Wei},
  journal={arXiv preprint arXiv:2306.08793},
  year={2023}
}

@article{labeyrie1970attainment,
  title={Attainment of diffraction limited resolution in large telescopes by Fourier analysing speckle patterns in star images},
  author={Labeyrie, Antoine},
  journal={Astronomy and Astrophysics, Vol. 6, p. 85 (1970)},
  volume={6},
  pages={85},
  year={1970}
}

@article{mudry2012structured,
  title={Structured illumination microscopy using unknown speckle patterns},
  author={Mudry, Emeric and Belkebir, Kamal and Girard, J and Savatier, Julien and Le Moal, Emmeran and Nicoletti, C and Allain, Marc and Sentenac, Anne},
  journal={Nature Photonics},
  volume={6},
  number={5},
  pages={312--315},
  year={2012},
  publisher={Nature Publishing Group UK London}
}

@article{jo2022through,
  title={Through-skull brain imaging in vivo at visible wavelengths via dimensionality reduction adaptive-optical microscopy},
  author={Jo, Yonghyeon and Lee, Ye-Ryoung and Hong, Jin Hee and Kim, Dong-Young and Kwon, Junhwan and Choi, Myunghwan and Kim, Moonseok and Choi, Wonshik},
  journal={Science advances},
  volume={8},
  number={30},
  pages={eabo4366},
  year={2022},
  publisher={American Association for the Advancement of Science}
}

@article{kwon2023computational,
  title={Computational conjugate adaptive optics microscopy for longitudinal through-skull imaging of cortical myelin},
  author={Kwon, Yongwoo and Hong, Jin Hee and Kang, Sungsam and Lee, Hojun and Jo, Yonghyeon and Kim, Ki Hean and Yoon, Seokchan and Choi, Wonshik},
  journal={Nature Communications},
  volume={14},
  number={1},
  pages={105},
  year={2023},
  publisher={Nature Publishing Group UK London}
}

@article{choi2022flexible,
  title={Flexible-type ultrathin holographic endoscope for microscopic imaging of unstained biological tissues},
  author={Choi, Wonjun and Kang, Munkyu and Hong, Jin Hee and Katz, Ori and Lee, Byunghak and Kim, Guang Hoon and Choi, Youngwoon and Choi, Wonshik},
  journal={Nature communications},
  volume={13},
  number={1},
  pages={4469},
  year={2022},
  publisher={Nature Publishing Group UK London}
}

@article{moon2023synthetic,
  title={Synthetic aperture phase imaging of second harmonic generation field with computational adaptive optics},
  author={Moon, Jungho and Kang, Sungsam and Hong, Jin Hee and Yoon, Seokchan and Choi, Wonshik},
  journal={arXiv preprint arXiv:2304.14018},
  year={2023}
}

@article{murray2023aberration,
title = {Aberration free synthetic aperture second harmonic generation holography},
author = {Murray, Gabe and Field, Jeff and Xiu, Maxine and Farah, Yusef and Wang, Lang and Pinaud, Olivier and Bartels, Randy},
  journal={Optics Express},
year = {2023}
}


@article{yoon2020laser,
  title={Laser scanning reflection-matrix microscopy for aberration-free imaging through intact mouse skull},
  author={Yoon, Seokchan and Lee, Hojun and Hong, Jin Hee and Lim, Yong-Sik and Choi, Wonshik},
  journal={Nature communications},
  volume={11},
  number={1},
  pages={5721},
  year={2020},
  publisher={Nature Publishing Group UK London}
}

@article{valzania2023online,
  title={Online learning of the transmission matrix of dynamic scattering media},
  author={Valzania, Lorenzo and Gigan, Sylvain},
  journal={Optica},
  volume={10},
  number={6},
  pages={708--716},
  year={2023},
  publisher={Optica Publishing Group}
}
@article{wang2020imaging,
  title={Imaging through dynamic scattering media with stitched speckle patterns},
  author={Wang, Xin and Liu, Honglin and Chen, Meijun and Liu, Zhentao and Han, Shensheng},
  journal={Chinese Optics Letters},
  volume={18},
  number={4},
  pages={042604},
  year={2020},
  publisher={Chinese Optical Society}
}
@article{han2024single,
  title={A Single-Shot Scattering Medium Imaging Method via Bispectrum Truncation},
  author={Han, Yuting and Shen, Honghai and Yuan, Fang and Ma, Tianxiang and Dai, Pengzhang and Sun, Yang and Chu, Hairong},
  journal={Sensors},
  volume={24},
  number={6},
  pages={2002},
  year={2024},
  publisher={MDPI}
}
@article{wang2021non,
  title={Non-invasive super-resolution imaging through dynamic scattering media},
  author={Wang, Dong and Sahoo, Sujit K and Zhu, Xiangwen and Adamo, Giorgio and Dang, Cuong},
  journal={Nature communications},
  volume={12},
  number={1},
  pages={3150},
  year={2021},
  publisher={Nature Publishing Group UK London}
}

@article{ruan2020fluorescence,
  title={Fluorescence imaging through dynamic scattering media with speckle-encoded ultrasound-modulated light correlation},
  author={Ruan, Haowen and Liu, Yan and Xu, Jian and Huang, Yujia and Yang, Changhuei},
  journal={Nature Photonics},
  volume={14},
  number={8},
  pages={511--516},
  year={2020},
  publisher={Nature Publishing Group UK London}
}
@article{he2023recursion,
  title={Recursion-driven bispectral imaging for dynamic scattering scenes},
  author={He, Si and Wang, Xia and Ma, Kai and Li, Linhao and Zhang, Yixin},
  journal={Optics Letters},
  volume={48},
  number={2},
  pages={287--290},
  year={2023},
  publisher={Optica Publishing Group}
}
@article{nixon2013real,
  title={Real-time wavefront shaping through scattering media by all-optical feedback},
  author={Nixon, Micha and Katz, Ori and Small, Eran and Bromberg, Yaron and Friesem, Asher A and Silberberg, Yaron and Davidson, Nir},
  journal={Nature Photonics},
  volume={7},
  number={11},
  pages={919--924},
  year={2013},
  publisher={Nature Publishing Group UK London}
}
@article{cai2023convrt,
  title={ConVRT: Consistent Video Restoration Through Turbulence with Test-time Optimization of Neural Video Representations},
  author={Cai, Haoming and Chen, Jingxi and Feng, Brandon Y and Jiang, Weiyun and Xie, Mingyang and Zhang, Kevin and Veeraraghavan, Ashok and Metzler, Christopher},
  journal={arXiv preprint arXiv:2312.04679},
  year={2023}
}
@article{kanaev2018imaging,
  title={Imaging through extreme scattering in extended dynamic media},
  author={Kanaev, AV and Watnik, AT and Gardner, DF and Metzler, C and Judd, KP and Lebow, P and Novak, KM and Lindle, JR},
  journal={Optics letters},
  volume={43},
  number={13},
  pages={3088--3091},
  year={2018},
  publisher={Optica Publishing Group}
}
@inproceedings{jiang2023nert,
  title={Nert: Implicit neural representations for unsupervised atmospheric turbulence mitigation},
  author={Jiang, Weiyun and Boominathan, Vivek and Veeraraghavan, Ashok},
  booktitle={Proceedings of the IEEE/CVF Conference on Computer Vision and Pattern Recognition},
  pages={4235--4242},
  year={2023}
}

@article{sun2019image,
  title={Image reconstruction through dynamic scattering media based on deep learning},
  author={Sun, Yiwei and Shi, Jianhong and Sun, Lei and Fan, Jianping and Zeng, Guihua},
  journal={Optics express},
  volume={27},
  number={11},
  pages={16032--16046},
  year={2019},
  publisher={Optica Publishing Group}
}
@article{guo2023dynamic,
  title={Dynamic imaging through random perturbed fibers via physics-informed learning},
  author={Guo, Enlai and Zhou, Chenyin and Zhu, Shuo and Bai, Lianfa and Han, Jing},
  journal={Optics \& Laser Technology},
  volume={158},
  pages={108923},
  year={2023},
  publisher={Elsevier}
}
@article{zhang2024imaging,
  title={Imaging through the atmosphere using turbulence mitigation transformer},
  author={Zhang, Xingguang and Mao, Zhiyuan and Chimitt, Nicholas and Chan, Stanley H},
  journal={IEEE Transactions on Computational Imaging},
  year={2024},
  publisher={IEEE}
}

@inproceedings{mao2022single,
  title={Single frame atmospheric turbulence mitigation: A benchmark study and a new physics-inspired transformer model},
  author={Mao, Zhiyuan and Jaiswal, Ajay and Wang, Zhangyang and Chan, Stanley H},
  booktitle={European Conference on Computer Vision},
  pages={430--446},
  year={2022},
  organization={Springer}
}
@article{jang2015relation,
  title={Relation between speckle decorrelation and optical phase conjugation (OPC)-based turbidity suppression through dynamic scattering media: a study on in vivo mouse skin},
  author={Jang, Mooseok and Ruan, Haowen and Vellekoop, Ivo M and Judkewitz, Benjamin and Chung, Euiheon and Yang, Changhuei},
  journal={Biomedical optics express},
  volume={6},
  number={1},
  pages={72--85},
  year={2015},
  publisher={Optica Publishing Group}
}
@article{edrei2016optical,
  title={Optical imaging through dynamic turbid media using the Fourier-domain shower-curtain effect},
  author={Edrei, Eitan and Scarcelli, Giuliano},
  journal={Optica},
  volume={3},
  number={1},
  pages={71--74},
  year={2016},
  publisher={Optica Publishing Group}
}
@article{zhu2024non,
  title={Non-Invasive Super-Resolution Imaging Through Scattering Media Using Object Fluctuation},
  author={Zhu, Xiangwen and Sahoo, Sujit Kumar and Adamo, Giorgio and Tobing, Landobasa YM and Zhang, Dao Hua and Dang, Cuong},
  journal={Laser \& Photonics Reviews},
  pages={2300712},
  publisher={Wiley Online Library}
}
@article{lu2021non,
  title={Non-invasive imaging through dynamic scattering layers via speckle correlations},
  author={Lu, Tengfei and Liu, Yongxin and Lin, Huichuan and Chen, Ziyang and Vinu, RV and Pu, Jixiong},
  journal={Optical Review},
  volume={28},
  number={5},
  pages={557--563},
  year={2021},
  publisher={Springer}
}
@article{zhang2023high,
  title={High-throughput imaging through dynamic scattering media based on speckle de-blurring},
  author={Zhang, Wenjun and Zhu, Shuo and Liu, Lingfeng and Bai, Lianfa and Han, Jing and Guo, Enlai},
  journal={Optics Express},
  volume={31},
  number={22},
  pages={36503--36520},
  year={2023},
  publisher={Optica Publishing Group}
}
@inproceedings{satat2018towards,
  title={Towards photography through realistic fog},
  author={Satat, Guy and Tancik, Matthew and Raskar, Ramesh},
  booktitle={2018 IEEE International Conference on Computational Photography (ICCP)},
  pages={1--10},
  year={2018},
  organization={IEEE}
}

@article{chriki2022real,
  title={Real-time full-field imaging through scattering media by all-optical feedback},
  author={Chriki, Ronen and Mahler, Simon and Tradonsky, Chene and Friesem, Asher A and Davidson, Nir},
  journal={Physical Review A},
  volume={105},
  number={3},
  pages={033527},
  year={2022},
  publisher={APS}
}

@article{horstmeyer2015guidestar,
  title={Guidestar-assisted wavefront-shaping methods for focusing light into biological tissue},
  author={Horstmeyer, Roarke and Ruan, Haowen and Yang, Changhuei},
  journal={Nature photonics},
  volume={9},
  number={9},
  pages={563--571},
  year={2015},
  publisher={Nature Publishing Group UK London}
}

@article{luo2021towards,
  title={Towards smart optical focusing: deep learning-empowered dynamic wavefront shaping through nonstationary scattering media},
  author={Luo, Yunqi and Yan, Suxia and Li, Huanhao and Lai, Puxiang and Zheng, Yuanjin},
  journal={Photonics Research},
  volume={9},
  number={8},
  pages={B262--B278},
  year={2021},
  publisher={Optica Publishing Group}
}

@article{chandra2023hanbury,
  title={Hanbury Brown--Twiss approach for imaging through a dynamic scattering medium},
  author={Chandra, Sourav and Sarkar, Tushar and Kumar, Raj and Das, Bhargab and Singh, Rakesh Kumar},
  journal={Optics Letters},
  volume={48},
  number={13},
  pages={3391--3394},
  year={2023},
  publisher={Optica Publishing Group}
}

@article{li2023characterization,
  title={Characterization of the angular memory effect of dynamic turbid media},
  author={Li, Runze and Peng, Tong and Bai, Chen and Wang, Ping and Zhou, Meiling and Yu, Xianghua and Min, Junwei and Yao, Baoli},
  journal={Optics Express},
  volume={31},
  number={17},
  pages={27594--27603},
  year={2023},
  publisher={Optica Publishing Group}
}

@article{hu2023adaptive,
  title={Adaptive inverse mapping: a model-free semi-supervised learning approach towards robust imaging through dynamic scattering media},
  author={Hu, Xiaowen and Zhao, Jian and Antonio-Lopez, Jose Enrique and Gausmann, Stefan and Correa, Rodrigo Amezcua and Sch{\"u}lzgen, Axel},
  journal={Optics Express},
  volume={31},
  number={9},
  pages={14343--14357},
  year={2023},
  publisher={Optica Publishing Group}
}

@article{sunray2024beyond,
    author = {Sunray, Elad and Weinberg, Gil and Rosenfeld, Moriya and Katz, Ori},
    title = "{Beyond memory-effect matrix-based imaging in scattering media by acousto-optic gating}",
    journal = {APL Photonics},
    volume = {9},
    number = {9},
    pages = {096112},
    year = {2024},
    month = {09},
    issn = {2378-0967},

}





@article{liu2024learning,
  title={Learning-based real-time imaging through dynamic scattering media},
  author={Liu, Haishan and Wang, Fei and Jin, Ying and Ma, Xianzheng and Li, Siteng and Bian, Yaoming and Situ, Guohai},
  journal={Light: Science \& Applications},
  volume={13},
  number={1},
  pages={194},
  year={2024},
  publisher={Nature Publishing Group UK London}
}


@article{fienup1978reconstruction,
  title={Reconstruction of an object from the modulus of its Fourier transform},
  author={Fienup, James R},
  journal={Optics letters},
  volume={3},
  number={1},
  pages={27--29},
  year={1978},
  publisher={Optica Publishing Group}
}

@article{makowski2024low,
  title={Low Photon Number Non-Invasive Imaging Through Time-Varying Diffusers},
  author={Makowski, Adrian and Zwolinski, Wojciech and Szczypkowski, Pawel and Gorzkowski, Bernard and Gigan, Sylvain and Lapkiewicz, Radek},
  journal={arXiv preprint arXiv:2409.18072},
  year={2024}
}

@article{trussell1978sectioned,
  title={Sectioned methods for image restoration},
  author={Trussell, H and Hunt, B},
  journal={IEEE Transactions on Acoustics, Speech, and Signal Processing},
  volume={26},
  number={2},
  pages={157--164},
  year={1978},
  publisher={IEEE}
}

@article{lim2024multiphoton,
  title={Multiphoton super-resolution imaging via virtual structured illumination},
  author={Lim, Sumin and Kang, Sungsam and Hong, Jin-Hee and Jin, Youngho and Gupta, Kalpak and Kim, Moonseok and Kim, Suhyun and Choi, Wonshik and Yoon, Seokchan},
  journal={arXiv preprint arXiv:2404.11849},
  year={2024}
}

@article{cuche2000spatial,
  title={Spatial filtering for zero-order and twin-image elimination in digital off-axis holography},
  author={Cuche, Etienne and Marquet, Pierre and Depeursinge, Christian},
  journal={Applied optics},
  volume={39},
  number={23},
  pages={4070--4075},
  year={2000},
  publisher={Optica Publishing Group}
}

@inproceedings{xie2024wavemo,
  title={WaveMo: Learning Wavefront Modulations to See Through Scattering},
  author={Xie, Mingyang and Guo, Haiyun and Feng, Brandon Y and Jin, Lingbo and Veeraraghavan, Ashok and Metzler, Christopher A},
  booktitle={Proceedings of the IEEE/CVF Conference on Computer Vision and Pattern Recognition},
  pages={25276--25285},
  year={2024}
}

@article{oh2025digital,
  title={Digital aberration correction for enhanced thick tissue imaging exploiting aberration matrix and tilt-tilt correlation from the optical memory effect},
  author={Oh, ChulMin and Hugonnet, Herve and Lee, Moosung and Park, YongKeun},
  journal={Nature Communications},
  volume={16},
  number={1},
  pages={1685},
  year={2025},
  publisher={Nature Publishing Group UK London}
}